[gd_scene load_steps=9 format=2]

[ext_resource path="res://sprites/barrerouge_sheet.png" type="Texture" id=1]
[ext_resource path="res://sprites/barreretro_sheet.png" type="Texture" id=2]
[ext_resource path="res://sprites/barrebleue_sheet.png" type="Texture" id=3]
[ext_resource path="res://sprites/ballekarole.png" type="Texture" id=4]
[ext_resource path="res://sprites/balleretro.png" type="Texture" id=5]
[ext_resource path="res://scenes/ChoixIA.gd" type="Script" id=6]
[ext_resource path="res://scenes/BResultats.gd" type="Script" id=7]
[ext_resource path="res://scenes/background.tscn" type="PackedScene" id=8]

[node name="ChoixIA" type="Control"]
anchor_right = 1.0
anchor_bottom = 1.0
margin_left = 1.62903
margin_top = 1.71477
margin_right = 1.62903
margin_bottom = 1.71478
script = ExtResource( 6 )
__meta__ = {
"_edit_use_anchors_": false
}

[node name="Panel" parent="." instance=ExtResource( 8 )]

[node name="Barres" type="Control" parent="."]
margin_right = 40.0
margin_bottom = 40.0
__meta__ = {
"_edit_use_anchors_": false
}

[node name="barre1" type="Sprite" parent="Barres"]
position = Vector2( 65, 75 )
scale = Vector2( 0.2, 0.2 )
texture = ExtResource( 2 )
vframes = 2
hframes = 6

[node name="barre2" type="Sprite" parent="Barres"]
position = Vector2( 65, 144.56 )
scale = Vector2( 0.2, 0.2 )
texture = ExtResource( 3 )
vframes = 2
hframes = 6

[node name="barre3" type="Sprite" parent="Barres"]
position = Vector2( 65, 215 )
scale = Vector2( 0.2, 0.2 )
texture = ExtResource( 1 )
vframes = 2
hframes = 6

[node name="label_sprite" type="Label" parent="Barres"]
margin_left = 45.0
margin_top = 25.0
margin_right = 85.0
margin_bottom = 39.0
text = "Sprite"
__meta__ = {
"_edit_use_anchors_": false
}

[node name="label_j1" type="Label" parent="Barres"]
margin_left = 105.0
margin_top = 25.0
margin_right = 145.0
margin_bottom = 39.0
text = "J1"
align = 1
__meta__ = {
"_edit_use_anchors_": false
}

[node name="label_j2" type="Label" parent="Barres"]
margin_left = 165.0
margin_top = 25.0
margin_right = 205.0
margin_bottom = 56.0
text = "J2"
align = 1
__meta__ = {
"_edit_use_anchors_": false
}

[node name="j1" type="Control" parent="Barres"]
margin_right = 40.0
margin_bottom = 40.0
script = ExtResource( 7 )
__meta__ = {
"_edit_use_anchors_": false
}

[node name="b1" type="CheckBox" parent="Barres/j1"]
margin_left = 110.0
margin_top = 60.0
margin_right = 134.0
margin_bottom = 84.0
__meta__ = {
"_edit_use_anchors_": false
}

[node name="b2" type="CheckBox" parent="Barres/j1"]
margin_left = 110.0
margin_top = 130.0
margin_right = 134.0
margin_bottom = 154.0

[node name="b3" type="CheckBox" parent="Barres/j1"]
margin_left = 110.0
margin_top = 200.0
margin_right = 134.0
margin_bottom = 224.0

[node name="j2" type="Control" parent="Barres"]
margin_right = 40.0
margin_bottom = 40.0
script = ExtResource( 7 )
__meta__ = {
"_edit_use_anchors_": false
}

[node name="b1" type="CheckBox" parent="Barres/j2"]
margin_left = 170.0
margin_top = 60.0
margin_right = 194.0
margin_bottom = 84.0
__meta__ = {
"_edit_use_anchors_": false
}

[node name="b2" type="CheckBox" parent="Barres/j2"]
margin_left = 170.0
margin_top = 130.0
margin_right = 194.0
margin_bottom = 154.0
__meta__ = {
"_edit_use_anchors_": false
}

[node name="b3" type="CheckBox" parent="Barres/j2"]
margin_left = 170.0
margin_top = 200.0
margin_right = 194.0
margin_bottom = 224.0

[node name="label_ia" type="Label" parent="."]
margin_left = 250.0
margin_top = 375.0
margin_right = 312.0
margin_bottom = 389.0
text = "Niveau IA"
valign = 1
__meta__ = {
"_edit_use_anchors_": false
}

[node name="niveau_ia" type="SpinBox" parent="label_ia"]
margin_left = 75.0
margin_top = -5.0
margin_right = 149.0
margin_bottom = 19.0
min_value = 1.0
max_value = 10.0
value = 5.0
__meta__ = {
"_edit_use_anchors_": false
}

[node name="Balles" type="Control" parent="."]
margin_right = 40.0
margin_bottom = 40.0
__meta__ = {
"_edit_use_anchors_": false
}

[node name="balle1" type="Sprite" parent="Balles"]
position = Vector2( 487, 75 )
scale = Vector2( 0.5, 0.5 )
texture = ExtResource( 5 )

[node name="balle2" type="Sprite" parent="Balles"]
position = Vector2( 487, 145 )
scale = Vector2( 0.5, 0.5 )
texture = ExtResource( 4 )

[node name="label_balle" type="Label" parent="Balles"]
margin_left = 450.0
margin_top = 25.0
margin_right = 525.0
margin_bottom = 39.0
text = "Sprite balle"
__meta__ = {
"_edit_use_anchors_": false
}

[node name="b" type="Control" parent="Balles"]
margin_right = 40.0
margin_bottom = 40.0
script = ExtResource( 7 )
__meta__ = {
"_edit_use_anchors_": false
}

[node name="b1" type="CheckBox" parent="Balles/b"]
margin_left = 545.0
margin_top = 62.0
margin_right = 569.0
margin_bottom = 86.0
__meta__ = {
"_edit_use_anchors_": false
}

[node name="b2" type="CheckBox" parent="Balles/b"]
margin_left = 545.0
margin_top = 132.0
margin_right = 569.0
margin_bottom = 156.0
__meta__ = {
"_edit_use_anchors_": false
}

[node name="Button" type="Button" parent="."]
anchor_left = 0.45
anchor_top = 0.9
anchor_right = 0.45
anchor_bottom = 0.9
margin_right = 12.0
margin_bottom = 20.0
text = "JOUER"
[connection signal="pressed" from="Barres/j1/b1" to="Barres/j1" method="_on_check" binds= [ 0 ]]
[connection signal="pressed" from="Barres/j1/b2" to="Barres/j1" method="_on_check" binds= [ 1 ]]
[connection signal="pressed" from="Barres/j1/b3" to="Barres/j1" method="_on_check" binds= [ 2 ]]
[connection signal="pressed" from="Barres/j2/b1" to="Barres/j2" method="_on_check" binds= [ 0 ]]
[connection signal="pressed" from="Barres/j2/b2" to="Barres/j2" method="_on_check" binds= [ 1 ]]
[connection signal="pressed" from="Barres/j2/b3" to="Barres/j2" method="_on_check" binds= [ 2 ]]
[connection signal="pressed" from="Balles/b/b1" to="Balles/b" method="_on_check" binds= [ 0 ]]
[connection signal="pressed" from="Balles/b/b2" to="Balles/b" method="_on_check" binds= [ 1 ]]
[connection signal="pressed" from="Button" to="." method="_on_Button_pressed"]
